<record><leader>00000cas a22000007a 4500</leader><controlfield tag="001">14151458</controlfield><controlfield tag="008">860827d1uuu19uuinuwr ne      0    0eng d</controlfield><datafield ind1=" " ind2=" " tag="010"><subfield code="a">sn 86058089 </subfield></datafield><datafield ind1=" " ind2=" " tag="040"><subfield code="a">NPI</subfield><subfield code="b">eng</subfield><subfield code="c">NPI</subfield><subfield code="d">OCLCQ</subfield></datafield><datafield ind1=" " ind2=" " tag="042"><subfield code="a">msc</subfield></datafield><datafield ind1="0" ind2="4" tag="245"><subfield code="a">The Populist journal.</subfield></datafield><datafield ind1=" " ind2=" " tag="260"><subfield code="a">Indianapolis ;</subfield><subfield code="a">Rossville, Ind. :</subfield><subfield code="b">Chas. M. Walter</subfield></datafield><datafield ind1=" " ind2=" " tag="310"><subfield code="a">Weekly</subfield></datafield><datafield ind1=" " ind2=" " tag="588"><subfield code="a">Description based on: Vol. 14, no. 36 (Nov. 23, 1900).</subfield></datafield><datafield ind1=" " ind2=" " tag="752"><subfield code="a">United States</subfield><subfield code="b">Indiana</subfield><subfield code="c">Marion</subfield><subfield code="d">Indianapolis.</subfield></datafield><datafield ind1=" " ind2=" " tag="752"><subfield code="a">United States</subfield><subfield code="b">Indiana</subfield><subfield code="c">Clinton</subfield><subfield code="d">Rossville.</subfield></datafield></record>